@misc{wirthsLaw,
  title        = "Wirth's Law",
  author       = "Techopedia",
  howpublished = "\url{https://www.techopedia.com/definition/24381/wirths-law}",
  month        = 8,
  year         = 2018,
  note         = "Pristupljeno: 19.5.2022"
}

@misc{mooresLaw,
  title        = "Moore's Law",
  author       = "Techopedia",
  howpublished = "\url{https://www.techopedia.com/definition/2369/moores-law}",
  month        = 6,
  year         = 2012,
  note         = "Pristupljeno: 19.5.2022"
}

@inbook{linuxDeviceDrivers,
  author    = "Jonathan Corbet, Alessandro Rubini, Greg Kroah-Hartman",
  title     = "An Introduction to Device Drivers",
  booktitle = "Linux Device Drivers",
  publisher = "O'Reily Media, Inc.",
  address   = "1005 Gravestein Highway North, Sebastopol, CA 95472",
  year      = 2005,
  pages     = "1-12"
}

@book{ganssle2003embedded,
  title={Embedded Systems Dictionary},
  author={Ganssle, J.G. and Barr, M.},
  isbn={9781578201204},
  lccn={2003006440},
  series={R and D Developer Series},
  url={https://books.google.hr/books?id=zePGx82d\_fwC},
  year={2003},
  publisher={Taylor \& Francis}
}

@misc{embeddedDotComWhatsEmbedded,
  title        = "What's embedded?",
  author       = "Jack Ganssle",
  howpublished = "\url{https://www.embedded.com/whats-embedded/}",
  month        = 3,
  year         = 2008,
  note         = "Pristupljeno: 19.5.2022"
}

@conference{bjarneC++ForEmbeddedSystems,
  author    = "Bjarne Stroustrup",
  title     = "Keynote: What can C++ do for embedded systems developers?",
  series    = "NDC Conferences",
  year      = 2018, 
  publisher = "NDC Conferences",
  note      = "Youtube link: \url{https://www.youtube.com/watch?v=VoHOLDdfDhk}"
}

@conference{danSaksWritingBetterEmbeddedSoftware,
  author    = "Dan Saks",
  title     = "Writing better embedded Software",
  series    = "Meeting Embedded 2018, Meeting C++ 2018",
  year      = 2018,
  publisher = "Meeting C++",
  note      = "Youtube link: \url{https://www.youtube.com/watch?v=3VtGCPIoBfs}"
}

@misc{bjarneStroustrupC++,
  title        = "The C++ Programming Language",
  author       = "Bjarne Stroustrup",
  howpublished = "\url{https://www.stroustrup.com/C++.html}",
  month        = 8,
  year         = 2021,
  note         = "Pristupljeno: 23.5.2022"
}

@book{theDesignAndEvolutionOfC++,
  author    = "Bjarne Stroustrup",
  title     = "The Design and Evolution of C++",
  year      = 1995,
  publisher = "ACM Press/Addison-Wesley Publishing Co.",
  address   = "USA"
}